
@ARTICLE{Terhorst2017-dl,
  title    = "Robust and scalable inference of population history from hundreds
              of unphased whole genomes",
  author   = "Terhorst, Jonathan and Kamm, John A and Song, Yun S",
  journal  = "Nat. Genet.",
  volume   =  49,
  number   =  2,
  pages    = "303--309",
  month    =  feb,
  year     =  2017,
  language = "en"
}

@ARTICLE{Harris2013-xh,
  title    = "Inferring demographic history from a spectrum of shared haplotype
              lengths",
  author   = "Harris, Kelley and Nielsen, Rasmus",
  journal  = "PLoS Genet",
  volume   =  9,
  number   =  6,
  pages    = "e1003521",
  month    =  jun,
  year     =  2013,
  language = "en"
}

@ARTICLE{Li2011-hr,
  title    = "Inference of human population history from individual
              whole-genome sequences",
  author   = "Li, Heng and Durbin, Richard",
  journal  = "Nature",
  volume   =  475,
  number   =  7357,
  pages    = "493--496",
  month    =  jul,
  year     =  2011,
  language = "en"
}

@ARTICLE{Bhaskar2015-bd,
  title    = "Efficient inference of population size histories and
              locus-specific mutation rates from large-sample genomic variation
              data",
  author   = "Bhaskar, Anand and Wang, Y X Rachel and Song, Yun S",
  journal  = "Genome Res.",
  volume   =  25,
  number   =  2,
  pages    = "268--279",
  month    =  feb,
  year     =  2015,
  language = "en"
}

@ARTICLE{Beichman2017-ah,
  title    = "Comparison of Single Genome and Allele Frequency Data Reveals
              Discordant Demographic Histories",
  author   = "Beichman, Annabel C and Phung, Tanya N and Lohmueller, Kirk E",
  journal  = "G3",
  volume   =  7,
  number   =  11,
  pages    = "3605--3620",
  month    =  nov,
  year     =  2017,
  language = "en"
}

@ARTICLE{Sawyer1992-qa,
  title    = "Population genetics of polymorphism and divergence",
  author   = "Sawyer, S A and Hartl, D L",
  journal  = "Genetics",
  volume   =  132,
  number   =  4,
  pages    = "1161--1176",
  month    =  dec,
  year     =  1992,
  language = "en"
}

@ARTICLE{Jouganous2017-jd,
  title    = "Inferring the Joint Demographic History of Multiple Populations:
              Beyond the Diffusion Approximation",
  author   = "Jouganous, Julien and Long, Will and Ragsdale, Aaron P and
              Gravel, Simon",
  journal  = "Genetics",
  volume   =  206,
  number   =  3,
  pages    = "1549--1567",
  month    =  jul,
  year     =  2017,
  language = "en"
}

@UNPUBLISHED{Speidel2019-ih,
  title    = "A method for genome-wide genealogy estimation for thousands of
              samples",
  author   = "Speidel, Leo and Forest, Marie and Shi, Sinan and Myers, Simon",
  journal  = "bioRxiv",
  pages    = "550558",
  month    =  feb,
  year     =  2019,
  language = "en"
}

@ARTICLE{Ragsdale2018-nj,
  title    = "Genomic inference using diffusion models and the allele frequency
              spectrum",
  author   = "Ragsdale, Aaron P and Moreau, Claudia and Gravel, Simon",
  journal  = "Curr. Opin. Genet. Dev.",
  volume   =  53,
  pages    = "140--147",
  month    =  oct,
  year     =  2018,
  language = "en"
}

@ARTICLE{Polanski2003-ll,
  title    = "New explicit expressions for relative frequencies of
              single-nucleotide polymorphisms with application to statistical
              inference on population growth",
  author   = "Polanski, A and Kimmel, M",
  journal  = "Genetics",
  volume   =  165,
  number   =  1,
  pages    = "427--436",
  month    =  sep,
  year     =  2003,
  language = "en"
}

@ARTICLE{Rosen2018-bb,
  title     = "Geometry of the Sample Frequency Spectrum and the Perils of
               Demographic Inference",
  author    = "Rosen, Zvi and Bhaskar, Anand and Roch, Sebastien and Song, Yun
               S",
  journal   = "Genetics",
  publisher = "Genetics",
  pages     = "genetics.300733.2018",
  month     =  jul,
  year      =  2018,
  language  = "en"
}

@ARTICLE{Gutenkunst2009-ef,
  title    = "Inferring the joint demographic history of multiple populations
              from multidimensional {SNP} frequency data",
  author   = "Gutenkunst, Ryan N and Hernandez, Ryan D and Williamson, Scott H
              and Bustamante, Carlos D",
  journal  = "PLoS Genet.",
  volume   =  5,
  number   =  10,
  pages    = "e1000695",
  month    =  oct,
  year     =  2009,
  language = "en"
}
